<?xml version="1.0" encoding="UTF-8"?>
<collection xmlns="http://www.loc.gov/MARC21/slim">
 <record>
  <leader>     cam a22        4500</leader>
  <controlfield tag="001">289763665</controlfield>
  <controlfield tag="003">CHVBK</controlfield>
  <controlfield tag="005">20190523071538.0</controlfield>
  <controlfield tag="008">131020m19341954xxu           00    eng d</controlfield>
  <datafield tag="035" ind1=" " ind2=" ">
   <subfield code="a">(RERO)R262800660</subfield>
  </datafield>
  <datafield tag="035" ind1=" " ind2=" ">
   <subfield code="a">(IDSBB)000147877</subfield>
  </datafield>
  <datafield tag="040" ind1=" " ind2=" ">
   <subfield code="a">RERO gevbpu</subfield>
  </datafield>
  <datafield tag="072" ind1=" " ind2="7">
   <subfield code="a">s1ar</subfield>
   <subfield code="2">rero</subfield>
  </datafield>
  <datafield tag="082" ind1="1" ind2=" ">
   <subfield code="a">930</subfield>
   <subfield code="2">15</subfield>
  </datafield>
  <datafield tag="100" ind1="1" ind2=" ">
   <subfield code="a">Hölscher</subfield>
   <subfield code="D">Uvo</subfield>
   <subfield code="0">(RERO)A003394376</subfield>
   <subfield code="4">cre</subfield>
  </datafield>
  <datafield tag="245" ind1="1" ind2="4">
   <subfield code="a">The excavation of Medinet Habu</subfield>
   <subfield code="c">by Uvo Hölscher</subfield>
  </datafield>
  <datafield tag="264" ind1=" " ind2="1">
   <subfield code="a">Chicago (Ill.)</subfield>
   <subfield code="b">The University of Chicago Press</subfield>
   <subfield code="c">1934-1954</subfield>
  </datafield>
  <datafield tag="300" ind1=" " ind2=" ">
   <subfield code="a">5 vol.</subfield>
   <subfield code="b">ill.</subfield>
   <subfield code="c">41 [et] 40 cm</subfield>
  </datafield>
  <datafield tag="490" ind1="1" ind2=" ">
   <subfield code="a">University of Chicago Oriental Institute publications</subfield>
   <subfield code="v">21</subfield>
   <subfield code="v">41</subfield>
   <subfield code="v">54</subfield>
   <subfield code="v">55</subfield>
   <subfield code="v">66</subfield>
  </datafield>
  <datafield tag="505" ind1="0" ind2=" ">
   <subfield code="a">Vol. 1: General plans and views</subfield>
  </datafield>
  <datafield tag="505" ind1="0" ind2=" ">
   <subfield code="a">Vol. 2: The temples of the eighteenth dynasty / with contributions by Rudolf Anthes ; transl. by Keith C. Seele</subfield>
  </datafield>
  <datafield tag="505" ind1="0" ind2=" ">
   <subfield code="a">Vol. 3: The mortuary temple of Ramses III, part 1 / transl. by Keith C. Seele</subfield>
  </datafield>
  <datafield tag="505" ind1="0" ind2=" ">
   <subfield code="a">Vol. 4: The mortuary temple of Ramses III, part 2 / with contributions by Rudolf Anthes ; transl. by Elizabeth B. Hauser</subfield>
  </datafield>
  <datafield tag="505" ind1="0" ind2=" ">
   <subfield code="a">Vol. 5: Post-Ramessid remains / ed. and transl. by Elizabeth B. Hauser</subfield>
  </datafield>
  <datafield tag="650" ind1=" " ind2="7">
   <subfield code="a">époque pharaonique</subfield>
   <subfield code="0">(RERO)A010172863</subfield>
   <subfield code="2">rerovoc</subfield>
  </datafield>
  <datafield tag="650" ind1=" " ind2="7">
   <subfield code="a">Archéologie</subfield>
   <subfield code="0">(RERO)A021101603</subfield>
   <subfield code="2">rero</subfield>
  </datafield>
  <datafield tag="650" ind1=" " ind2="7">
   <subfield code="a">époque copte</subfield>
   <subfield code="0">(RERO)A009950483</subfield>
   <subfield code="2">rerovoc</subfield>
  </datafield>
  <datafield tag="650" ind1=" " ind2="7">
   <subfield code="a">3200 av. J.-C.-641</subfield>
   <subfield code="0">(RERO)A026995820</subfield>
   <subfield code="2">rero</subfield>
  </datafield>
  <datafield tag="650" ind1=" " ind2="7">
   <subfield code="a">Temples égyptiens</subfield>
   <subfield code="0">(RERO)A021004260</subfield>
   <subfield code="2">rero</subfield>
  </datafield>
  <datafield tag="650" ind1=" " ind2="7">
   <subfield code="a">Ausgrabung</subfield>
   <subfield code="0">(DE-588)4129464-6</subfield>
   <subfield code="2">gnd</subfield>
  </datafield>
  <datafield tag="651" ind1=" " ind2="7">
   <subfield code="a">Médinet Habou (Egypte)</subfield>
   <subfield code="0">(RERO)A011504311</subfield>
   <subfield code="2">rero</subfield>
  </datafield>
  <datafield tag="651" ind1=" " ind2="7">
   <subfield code="a">Madinat Habu</subfield>
   <subfield code="0">(DE-588)4099978-6</subfield>
   <subfield code="2">gnd</subfield>
  </datafield>
  <datafield tag="700" ind1="1" ind2=" ">
   <subfield code="a">Anthes</subfield>
   <subfield code="D">Rudolf</subfield>
   <subfield code="0">(RERO)A002932707</subfield>
  </datafield>
  <datafield tag="700" ind1="1" ind2=" ">
   <subfield code="a">Seele</subfield>
   <subfield code="D">Keith C.</subfield>
   <subfield code="0">(RERO)A003817985</subfield>
  </datafield>
  <datafield tag="700" ind1="1" ind2=" ">
   <subfield code="a">Hauser</subfield>
   <subfield code="D">Elizabeth Blaisdell</subfield>
   <subfield code="0">(RERO)A003353672</subfield>
  </datafield>
  <datafield tag="830" ind1=" " ind2="0">
   <subfield code="a">Oriental Institute publications</subfield>
   <subfield code="v">21,41,54,55,66</subfield>
  </datafield>
  <datafield tag="852" ind1="4" ind2=" ">
   <subfield code="B">IDSBB</subfield>
   <subfield code="F">A100</subfield>
   <subfield code="b">A100</subfield>
   <subfield code="c">MAG</subfield>
   <subfield code="j">UBH AU II 233</subfield>
   <subfield code="x">Akz: -</subfield>
   <subfield code="a">-</subfield>
  </datafield>
  <datafield tag="852" ind1="4" ind2=" ">
   <subfield code="B">IDSBB</subfield>
   <subfield code="F">A130</subfield>
   <subfield code="b">A131</subfield>
   <subfield code="c">131FM</subfield>
   <subfield code="j">AEG E Medi (1934-1954)</subfield>
   <subfield code="x">REKAT</subfield>
   <subfield code="a">-</subfield>
  </datafield>
  <datafield tag="897" ind1=" " ind2=" ">
   <subfield code="a">b</subfield>
   <subfield code="b">5</subfield>
  </datafield>
  <datafield tag="898" ind1=" " ind2=" ">
   <subfield code="a">BK020000</subfield>
   <subfield code="b">XK020000</subfield>
   <subfield code="c">XK020000</subfield>
  </datafield>
  <datafield tag="912" ind1=" " ind2="7">
   <subfield code="a">ar</subfield>
   <subfield code="2">SzZuIDS BS/BE</subfield>
  </datafield>
  <datafield tag="949" ind1=" " ind2=" ">
   <subfield code="B">RERO</subfield>
   <subfield code="F">RE01030</subfield>
   <subfield code="b">RE01030</subfield>
   <subfield code="c">RE010300022</subfield>
   <subfield code="j">SHANC R-CA-39/1</subfield>
   <subfield code="z">VOL. 1</subfield>
   <subfield code="z">Déposé au Bureau 4220MIS. Veuillez vous adresser au Bureau des bibliothécaires</subfield>
  </datafield>
  <datafield tag="949" ind1=" " ind2=" ">
   <subfield code="B">RERO</subfield>
   <subfield code="F">RE01030</subfield>
   <subfield code="b">RE01030</subfield>
   <subfield code="c">RE010300022</subfield>
   <subfield code="j">SHANC R-CA-39/5</subfield>
   <subfield code="z">VOL. 5</subfield>
   <subfield code="z">Déposé au Bureau 4220MIS. Veuillez vous adresser au Bureau des bibliothécaires</subfield>
  </datafield>
  <datafield tag="949" ind1=" " ind2=" ">
   <subfield code="B">RERO</subfield>
   <subfield code="F">RE01030</subfield>
   <subfield code="b">RE01030</subfield>
   <subfield code="c">RE010300022</subfield>
   <subfield code="j">SHANC R-CA-39/4</subfield>
   <subfield code="z">VOL. 4, PART. 2</subfield>
   <subfield code="z">Déposé au Bureau 4220MIS. Veuillez vous adresser au Bureau des bibliothécaires</subfield>
  </datafield>
  <datafield tag="949" ind1=" " ind2=" ">
   <subfield code="B">RERO</subfield>
   <subfield code="F">RE01030</subfield>
   <subfield code="b">RE01030</subfield>
   <subfield code="c">RE010300022</subfield>
   <subfield code="j">SHANC R-CA-39/3</subfield>
   <subfield code="z">VOL. 3, PART. 1</subfield>
   <subfield code="z">Déposé au Bureau 4220MIS. Veuillez vous adresser au Bureau des bibliothécaires</subfield>
  </datafield>
  <datafield tag="949" ind1=" " ind2=" ">
   <subfield code="B">RERO</subfield>
   <subfield code="F">RE01030</subfield>
   <subfield code="b">RE01030</subfield>
   <subfield code="c">RE010300022</subfield>
   <subfield code="j">SHANC R-CA-39/2</subfield>
   <subfield code="z">VOL. 2</subfield>
   <subfield code="z">Déposé au Bureau 4220MIS. Veuillez vous adresser au Bureau des bibliothécaires</subfield>
  </datafield>
  <datafield tag="949" ind1=" " ind2=" ">
   <subfield code="B">RERO</subfield>
   <subfield code="F">RE61034</subfield>
   <subfield code="b">RE61034</subfield>
   <subfield code="c">RE610340008</subfield>
   <subfield code="j">EG:Coll*OIP Excav. Medinet 3</subfield>
   <subfield code="s">BGE Ga 5006/54</subfield>
   <subfield code="z">VOL. 3</subfield>
   <subfield code="z">Grand format</subfield>
  </datafield>
  <datafield tag="949" ind1=" " ind2=" ">
   <subfield code="B">RERO</subfield>
   <subfield code="F">RE61034</subfield>
   <subfield code="b">RE61034</subfield>
   <subfield code="c">RE610340008</subfield>
   <subfield code="j">EG:Coll*OIP Excav. Medinet 1</subfield>
   <subfield code="s">BGE Ga 5006/21</subfield>
   <subfield code="z">VOL. 1</subfield>
   <subfield code="z">Grand format</subfield>
  </datafield>
  <datafield tag="949" ind1=" " ind2=" ">
   <subfield code="B">RERO</subfield>
   <subfield code="F">RE61034</subfield>
   <subfield code="b">RE61034</subfield>
   <subfield code="c">RE610340008</subfield>
   <subfield code="j">EG:Coll*OIP Excav. Medinet 5</subfield>
   <subfield code="s">BGE Ga 5006/66</subfield>
   <subfield code="z">VOL. 5</subfield>
   <subfield code="z">Grand format</subfield>
  </datafield>
  <datafield tag="949" ind1=" " ind2=" ">
   <subfield code="B">RERO</subfield>
   <subfield code="F">RE61034</subfield>
   <subfield code="b">RE61034</subfield>
   <subfield code="c">RE610340008</subfield>
   <subfield code="j">EG:Coll*OIP Excav. Medinet 4</subfield>
   <subfield code="s">BGE Ga 5006/55</subfield>
   <subfield code="z">VOL. 4</subfield>
   <subfield code="z">Grand format</subfield>
  </datafield>
  <datafield tag="949" ind1=" " ind2=" ">
   <subfield code="B">RERO</subfield>
   <subfield code="F">RE61034</subfield>
   <subfield code="b">RE61034</subfield>
   <subfield code="c">RE610340008</subfield>
   <subfield code="j">EG:Coll*OIP Excav. Medinet 2</subfield>
   <subfield code="s">BGE Ga 5006/41</subfield>
   <subfield code="z">VOL. 2</subfield>
   <subfield code="z">Grand format</subfield>
  </datafield>
  <datafield tag="950" ind1=" " ind2=" ">
   <subfield code="B">RERO</subfield>
   <subfield code="P">100</subfield>
   <subfield code="E">1-</subfield>
   <subfield code="a">Hölscher</subfield>
   <subfield code="D">Uvo</subfield>
   <subfield code="0">(RERO)A003394376</subfield>
   <subfield code="4">cre</subfield>
  </datafield>
  <datafield tag="950" ind1=" " ind2=" ">
   <subfield code="B">RERO</subfield>
   <subfield code="P">490</subfield>
   <subfield code="E">1-</subfield>
   <subfield code="a">University of Chicago Oriental Institute publications</subfield>
   <subfield code="v">21</subfield>
   <subfield code="v">41</subfield>
   <subfield code="v">54</subfield>
   <subfield code="v">55</subfield>
   <subfield code="v">66</subfield>
  </datafield>
  <datafield tag="950" ind1=" " ind2=" ">
   <subfield code="B">RERO</subfield>
   <subfield code="P">700</subfield>
   <subfield code="E">1-</subfield>
   <subfield code="a">Anthes</subfield>
   <subfield code="D">Rudolf</subfield>
   <subfield code="0">(RERO)A002932707</subfield>
  </datafield>
  <datafield tag="950" ind1=" " ind2=" ">
   <subfield code="B">RERO</subfield>
   <subfield code="P">700</subfield>
   <subfield code="E">1-</subfield>
   <subfield code="a">Seele</subfield>
   <subfield code="D">Keith C.</subfield>
   <subfield code="0">(RERO)A003817985</subfield>
  </datafield>
  <datafield tag="950" ind1=" " ind2=" ">
   <subfield code="B">RERO</subfield>
   <subfield code="P">700</subfield>
   <subfield code="E">1-</subfield>
   <subfield code="a">Hauser</subfield>
   <subfield code="D">Elizabeth Blaisdell</subfield>
   <subfield code="0">(RERO)A003353672</subfield>
  </datafield>
  <datafield tag="950" ind1=" " ind2=" ">
   <subfield code="B">RERO</subfield>
   <subfield code="P">830</subfield>
   <subfield code="E">--</subfield>
   <subfield code="a">Oriental Institute publications</subfield>
   <subfield code="v">21,41,54,55,66</subfield>
  </datafield>
  <datafield tag="950" ind1=" " ind2=" ">
   <subfield code="B">IDSBB</subfield>
   <subfield code="P">490</subfield>
   <subfield code="E">0-</subfield>
   <subfield code="a">Oriental Institute publications</subfield>
  </datafield>
  <datafield tag="950" ind1=" " ind2=" ">
   <subfield code="B">IDSBB</subfield>
   <subfield code="P">700</subfield>
   <subfield code="E">1-</subfield>
   <subfield code="a">Hölscher</subfield>
   <subfield code="D">Uvo</subfield>
  </datafield>
 </record>
</collection>
